@book{1_woolfson_2012,
author={Woolfson, Michael M},
title={The fundamentals of imaging},
place={London},
publisher={Imperial College Press},
year={2012},
pages={69}
},

@book{2_stokstad_cateforis_addiss_2005,
author={Stokstad, Marilyn and Cateforis, David and Addiss, Stephen},
title={Art history},
place={Upper Saddle River, NJ},
publisher={Pearson/Prentice Hall},
year={2005},
pages={964}
},

@misc{3_harvard_library_preservation,
author={Harvard Library Preservation,},
title={Daguerreotypes at Harvard},
url={http://preserve.harvard.edu/daguerreotypes/},
urldate={2015-12-11}
},

@misc{4_pot_2010,
author={Pot, Martin},
title={Understanding Your Camera: Focal Length, Field of View and Angle of View Defined},
url={http://martybugs.net/blog/blog.cgi/learning/Field-Of-View-And-More.html},
urldate={2015-12-11},
journal={Martin Pot - Photography Blog},
year={2010}
},

@misc{5_computer_history_museum,
author={Computer History Museum,},
title={1947 - Invention of the Point-Contact Transistor},
url={http://www.computerhistory.org/semiconductor/timeline/1947-invention.html},
urldate={2015-12-11}
},

@book{6_information_for_the_public,
edition={1},
url={http://www.nobelprize.org/nobel_prizes/physics/laureates/2009/popular-physicsprize2009.pdf},
urldate={2015-12-11},
publisher={Nobel Media AB},
year={2009},
pages={4}
},

@misc{7_sasson_2007,
author={Sasson, Steve},
title={We Had No Idea},
url={https://web.archive.org/web/20130121194248/http://pluggedin.kodak.com/pluggedin/post/?id=687843},
urldate={2015-12-11},
journal={Kodak: Plugged In},
year={2007}
},

@article{8_chen_catrysse_el_gamal_wandell_2000,
author={Chen, Ting and Catrysse, Peter and El Gamal, Abbas and Wandell, Brian},
title={How Small Should Pixel Size Be?},
volume={3965},
url={http://proceedings.spiedigitallibrary.org/proceeding.aspx?articleid=921000},
DOI={10.1117/12.385463},
journal={Electronic Imaging},
year={2000},
pages={1}
},

@book{9_understanding_and_solutions_2007,
author={Understanding and Solutions,},
title={Camera Accessories Market to top €1.1bn in Western Europe by 2009},
url={https://web.archive.org/web/20070604201557/http://www.uands.com/downloadarticle.asp?id=43},
urldate={2015-12-11},
year={2007}
},

@phdthesis{10_ge_2012,
author={Ge, Xiaoliang},
title={The design of a global shutter CMOS image sensor in 110nm technology},
school={Delft University of Technology},
year={2012}
},

@book{11_ic_insights_2013,
author={IC Insights,},
title={Seven Opto-Sensor-Discrete Products Achieved Record Sales in 2012},
url={http://www.icinsights.com/data/articles/documents/526.pdf},
urldate={2015-12-11},
year={2013}
},

@misc{12_eastman_kodak_company_1976,
author={Eastman Kodak Company,},
title={Color imaging array},
place={US},
urldate={2015-12-11},
number={US3971065 A},
year={1976}
},

@article{13_malvar_he_cutler_2015,
author={Malvar, Henrique S. and He, Li-wei and Cutler, Ross},
title={High-quality linear interpolation for demosaicing of Bayer-patterned color images},
volume={Vol. 3},
url={http://ieeexplore.ieee.org/xpl/articleDetails.jsp?tp=&arnumber=1326587&url=http%3A%2F%2Fieeexplore.ieee.org%2Fxpls%2Fabs_all.jsp%3Farnumber%3D1326587},
DOI={10.1109/ICASSP.2004.1326587},
journal={Acoustics, Speech, and Signal Processing, 2004. Proceedings.(ICASSP'04). IEEE International Conference on.},
year={2015},
pages={485-488}
},

@book{14_leichtman_research_group_2013,
author={Leichtman Research Group,},
title={HDTV SETS NOW IN THREE-QUARTERS OF U.S. HOUSEHOLDS},
url={http://www.leichtmanresearch.com/press/020813release.pdf},
urldate={2015-12-11},
year={2013}
},

@book{15_basic_principles_of_signal_integrity_2007,
edition={1},
url={https://www.altera.com/content/dam/altera-www/global/en_US/pdfs/literature/wp/wp_sgnlntgry.pdf},
urldate={2015-12-11},
publisher={Altera Corporation},
year={2007},
pages={1-3}
},

@book{16_von_fintel_2013,
author={von Fintel, René},
title={Comparison of the Most Common Digital Interface Technologies in Vision Technology},
edition={1},
url={http://www.controlvision.co.nz/newsletters/2013/08/Basler_Interface_Comparsion.pdf},
urldate={2015-12-11},
publisher={Basler},
year={2013},
pages={1-2}
},

@misc{17_arrowdevices.com_2014,
author={Arrowdevices.com,},
title={MIPI CSI-3 – A Game Changer For Future Camera Technology},
url={http://www.arrowdevices.com/blog/mipi-csi-3-a-game-changer-for-future-camera-technology/},
urldate={2015-12-11},
year={2014}
},

@misc{18_hdmi.org,
author={Hdmi.org,},
title={FAQ for HDMI 2.0},
url={http://www.hdmi.org/manufacturer/hdmi_2_0/hdmi_2_0_faq.aspx},
urldate={2015-12-11}
}